@inproceedings{bruder2017model,
  title={Model based control of fiber reinforced elastofluidic enclosures},
  author={Bruder, Daniel and Sedal, Audrey and Bishop-Moser, Joshua and Kota, Sridhar and Vasudevan, Ram},
  booktitle={Robotics and Automation (ICRA), 2017 IEEE International Conference on},
  pages={5539--5544},
  year={2017},
  organization={IEEE}
};

@inproceedings{sedal2017constitutive,
  title={A constitutive model for torsional loads on fluid-driven soft robots},
  author={Sedal, Audrey and Bruder, Daniel and Bishop-Moser, Joshua and Vasudevan, Ram and Kota, Sridhar},
  booktitle={ASME 2017 International Design Engineering Technical Conferences and Computers and Information in Engineering Conference},
  pages={V05AT08A016--V05AT08A016},
  year={2017},
  organization={American Society of Mechanical Engineers}
};

@inproceedings{bishop2012parallel,
  title={Design of soft robotic actuators using fluid-filled fiber-reinforced elastomeric enclosures in parallel combinations},
  author={Bishop-Moser, Joshua and Krishnan, Girish and Kim, Charles and Kota, Sridhar},
  booktitle={Intelligent Robots and Systems (IROS), 2012 IEEE/RSJ International Conference on},
  pages={4264--4269},
  year={2012},
  organization={IEEE}
};

@article{bishop2015design,
  title={Design and modeling of generalized fiber-reinforced pneumatic soft actuators},
  author={Bishop-Moser, Joshua and Kota, Sridhar},
  journal={IEEE Transactions on Robotics},
  volume={31},
  number={3},
  pages={536--545},
  year={2015},
  publisher={IEEE}
};

@article{walker2013continuous,
  title={Continuous backbone “continuum” robot manipulators},
  author={Walker, Ian D},
  journal={Isrn robotics},
  volume={2013},
  year={2013},
  publisher={Hindawi Publishing Corporation}
};

@article{connolly2015mechanical,
  title={Mechanical programming of soft actuators by varying fiber angle},
  author={Connolly, Fionnuala and Polygerinos, Panagiotis and Walsh, Conor J and Bertoldi, Katia},
  journal={Soft Robotics},
  volume={2},
  number={1},
  pages={26--32},
  year={2015},
  publisher={Mary Ann Liebert, Inc. 140 Huguenot Street, 3rd Floor New Rochelle, NY 10801 USA}
};

@article{tondu2012modelling,
  title={Modelling of the McKibben artificial muscle: A review},
  author={Tondu, Bertrand},
  journal={Journal of Intelligent Material Systems and Structures},
  volume={23},
  number={3},
  pages={225--253},
  year={2012},
  publisher={Sage Publications Sage UK: London, England}
};

@article{rus2015design,
  title={Design, fabrication and control of soft robots},
  author={Rus, Daniela and Tolley, Michael T},
  journal={Nature},
  volume={521},
  number={7553},
  pages={467},
  year={2015},
  publisher={Nature Publishing Group}
};

@article{marchese2015recipe,
  title={A recipe for soft fluidic elastomer robots},
  author={Marchese, Andrew D and Katzschmann, Robert K and Rus, Daniela},
  journal={Soft Robotics},
  volume={2},
  number={1},
  pages={7--25},
  year={2015},
  publisher={Mary Ann Liebert, Inc. 140 Huguenot Street, 3rd Floor New Rochelle, NY 10801 USA}
};

@inproceedings{bishop2013force,
  title={Force and moment generation of fiber-reinforced pneumatic soft actuators},
  author={Bishop-Moser, Joshua and Krishnan, Girish and Kota, Sridhar},
  booktitle={Intelligent Robots and Systems (IROS), 2013 IEEE/RSJ International Conference on},
  pages={4460--4465},
  year={2013},
  organization={IEEE}
};

@article{krishnan2015kinematics,
  title={Kinematics of a generalized class of pneumatic artificial muscles},
  author={Krishnan, Girish and Bishop-Moser, Joshua and Kim, Charles and Kota, Sridhar},
  journal={Journal of Mechanisms and Robotics},
  volume={7},
  number={4},
  pages={041014},
  year={2015},
  publisher={American Society of Mechanical Engineers}
};

@inproceedings{bishop2012parallelsynth,
  title={Kinematic synthesis of fiber reinforced soft actuators in parallel combinations},
  author={Bishop-Moser, Joshua and Krishnan, Girish and Kim, Charles and Kota, Sridhar},
  booktitle={ASME 2012 International Design Engineering Technical Conferences and Computers and Information in Engineering Conference},
  pages={1079--1087},
  year={2012},
  organization={American Society of Mechanical Engineers}
};

@inproceedings{galloway2013mechanically,
  title={Mechanically programmable bend radius for fiber-reinforced soft actuators},
  author={Galloway, Kevin C and Polygerinos, Panagiotis and Walsh, Conor J and Wood, Robert J},
  booktitle={Advanced Robotics (ICAR), 2013 16th International Conference on},
  pages={1--6},
  year={2013},
  organization={IEEE}
};

@article{majidi2014soft,
  title={Soft robotics: a perspective—current trends and prospects for the future},
  author={Majidi, Carmel},
  journal={Soft Robotics},
  volume={1},
  number={1},
  pages={5--11},
  year={2014},
  publisher={Mary Ann Liebert, Inc. 140 Huguenot Street, 3rd Floor New Rochelle, NY 10801 USA}
};


@article{felt2018closed,
  title={A Closed-Form Kinematic Model for Fiber-Reinforced Elastomeric Enclosures},
  author={Felt, Wyatt and Remy, C David},
  journal={Journal of Mechanisms and Robotics},
  volume={10},
  number={1},
  pages={014501},
  year={2018},
  publisher={American Society of Mechanical Engineers}
};

@inproceedings{grissom2006design,
  title={Design and experimental testing of the octarm soft robot manipulator},
  author={Grissom, Michael D and Chitrakaran, Vilas and Dienno, Dustin and Csencits, Matthew and Pritts, Michael and Jones, Bryan and McMahan, William and Dawson, Darren and Rahn, Chris and Walker, Ian},
  booktitle={Unmanned Systems Technology VIII},
  volume={6230},
  pages={62301F},
  year={2006},
  organization={International Society for Optics and Photonics}
};

@misc{pridham1967bellows,
  title={Bellows actuator},
  author={Pridham, Jr Donald C},
  year={1967},
  month=may # "~16",
  publisher={Google Patents},
  note={US Patent 3,319,532}
};

@article{mosadegh2014pneumatic,
  title={Pneumatic networks for soft robotics that actuate rapidly},
  author={Mosadegh, Bobak and Polygerinos, Panagiotis and Keplinger, Christoph and Wennstedt, Sophia and Shepherd, Robert F and Gupta, Unmukt and Shim, Jongmin and Bertoldi, Katia and Walsh, Conor J and Whitesides, George M},
  journal={Advanced functional materials},
  volume={24},
  number={15},
  pages={2163--2170},
  year={2014},
  publisher={Wiley Online Library}
};

@article{marchese2014autonomous,
  title={Autonomous soft robotic fish capable of escape maneuvers using fluidic elastomer actuators},
  author={Marchese, Andrew D and Onal, Cagdas D and Rus, Daniela},
  journal={Soft Robotics},
  volume={1},
  number={1},
  pages={75--87},
  year={2014},
  publisher={Mary Ann Liebert, Inc. 140 Huguenot Street, 3rd Floor New Rochelle, NY 10801 USA}
};

@article{tolley2014resilient,
  title={A resilient, untethered soft robot},
  author={Tolley, Michael T and Shepherd, Robert F and Mosadegh, Bobak and Galloway, Kevin C and Wehner, Michael and Karpelson, Michael and Wood, Robert J and Whitesides, George M},
  journal={Soft robotics},
  volume={1},
  number={3},
  pages={213--223},
  year={2014},
  publisher={Mary Ann Liebert, Inc. 140 Huguenot Street, 3rd Floor New Rochelle, NY 10801 USA}
};

@article{hawkes2017soft,
  title={A soft robot that navigates its environment through growth},
  author={Hawkes, Elliot W and Blumenschein, Laura H and Greer, Joseph D and Okamura, Allison M},
  journal={Science Robotics},
  volume={2},
  number={8},
  pages={eaan3028},
  year={2017},
  publisher={Science Robotics}
};

@book{spong2008robot,
  title={Robot Dynamics And Control},
  author={Spong, M.W. and Vidyasagar, M.},
  isbn={9788126517800},
  url={https://books.google.com/books?id=PtxYAv7ZUYMC},
  year={2008},
  publisher={Wiley India Pvt. Limited}
};